<request>
    <user>ole-khuntley</user>
    <operation>ingest</operation>
    <requestDocuments>
        <ingestDocument id="1" category="work" type="bibliographic" format="marc">
            <content><![CDATA[
<collection xmlns="http://www.loc.gov/MARC21/slim">
    <record>
        <leader>01142cam 2200301 a 4500</leader>
        <controlfield tag="001">92005291</controlfield>
        <controlfield tag="003">DLC</controlfield>
        <controlfield tag="005">19930521155141.9</controlfield>
        <controlfield tag="008">920219s1993 caua j 000 0 eng</controlfield>
        <datafield tag="010" ind1=" " ind2=" ">
            <subfield code="a">92005291</subfield>
        </datafield>
        <datafield tag="020" ind1=" " ind2=" ">
            <subfield code="a">0152038655 :</subfield>
            <subfield code="c">$15.95</subfield>
        </datafield>
        <datafield tag="040" ind1=" " ind2=" ">
            <subfield code="a">DLC</subfield>
            <subfield code="c">DLC</subfield>
            <subfield code="d">DLC</subfield>
        </datafield>
        <datafield tag="042" ind1=" " ind2=" ">
            <subfield code="a">lcac</subfield>
        </datafield>
        <datafield tag="050" ind1="0" ind2="0">
            <subfield code="a">PS3537.A618</subfield>
            <subfield code="b">A88 1993</subfield>
        </datafield>
        <datafield tag="082" ind1="0" ind2="0">
            <subfield code="a">811/.52</subfield>
            <subfield code="2">20</subfield>
        </datafield>
        <datafield tag="100" ind1="1" ind2=" ">
            <subfield code="a">Sandburg, Carl,</subfield>
            <subfield code="d">1878-1967.</subfield>
        </datafield>
        <datafield tag="245" ind1="1" ind2="0">
            <subfield code="a">Science</subfield>
            <subfield code="c">
                Carl Sandburg ; illustrated as an anamorphic adventure by Ted Rand.
            </subfield>
        </datafield>
        <datafield tag="250" ind1=" " ind2=" ">
            <subfield code="a">1st ed.</subfield>
        </datafield>
        <datafield tag="260" ind1=" " ind2=" ">
            <subfield code="a">San Diego :</subfield>
            <subfield code="b">Harcourt Brace Jovanovich,</subfield>
            <subfield code="c">c1993.</subfield>
        </datafield>
        <datafield tag="300" ind1=" " ind2=" ">
            <subfield code="a">1 v. (unpaged) :</subfield>
            <subfield code="b">ill. (some col.) ;</subfield>
            <subfield code="c">26 cm.</subfield>
        </datafield>
        <datafield tag="500" ind1=" " ind2=" ">
            <subfield code="a">One Mylar sheet included in pocket.</subfield>
        </datafield>
        <datafield tag="520" ind1=" " ind2=" ">
            <subfield code="a">
                A poem about numbers and their characteristics. Features anamorphic, or distorted,
                drawings which can be
                restored to normal by viewing from a particular angle or by viewing the image's
                reflection in the
                provided Mylar cone.
            </subfield>
        </datafield>
        <datafield tag="650" ind1=" " ind2="0">
            <subfield code="a">Arithmetic</subfield>
            <subfield code="x">Juvenile poetry.</subfield>
        </datafield>
        <datafield tag="650" ind1=" " ind2="0">
            <subfield code="a">Children's poetry, American.</subfield>
        </datafield>
        <datafield tag="650" ind1=" " ind2="1">
            <subfield code="a">Arithmetic</subfield>
            <subfield code="x">Poetry.</subfield>
        </datafield>
        <datafield tag="650" ind1=" " ind2="1">
            <subfield code="a">American poetry.</subfield>
        </datafield>
        <datafield tag="650" ind1=" " ind2="1">
            <subfield code="a">Visual perception.</subfield>
        </datafield>
        <datafield tag="700" ind1="1" ind2=" ">
            <subfield code="a">Rand, Ted,</subfield>
            <subfield code="e">ill.</subfield>
        </datafield>
    </record>
</collection>
                ]]>
            </content>
            <!--optional -->
            <additionalAttributes>
                <dateEntered>12-12-2-2010</dateEntered>
                <lastUpdated>12-11-2011</lastUpdated>
                <fastAddFlag>true</fastAddFlag>
                <supressFromPublic>false</supressFromPublic>
                <harvestable>false</harvestable>
                <status>n</status>
            </additionalAttributes>
            <linkedIngestDocuments>
                <linkedIngestDocument id="1001" category="work" type="instance" format="oleml">
                    <content><![CDATA[<instanceCollection>
  <instance>
    <oleHoldings>
      <receiptStatus>0</receiptStatus>
      <uri>ewrewr</uri>
      <note type="public">note</note>
     <location>
	   <locationLevel>
            	<name></name>
		<level>Institution</level>
	 	<locationLevel>
		    	<name></name>
			<level>Campus</level>
		 	<locationLevel>
			    <name>IL-ALEXAND</name>
			    <level>Library</level>
			    <locationLevel>
			    	<name></name>
				<level>Collection</level>
				<locationLevel>
				    <name>ILXSTACKS</name>
				    <level>Shelving Location</level>
	          		</locationLevel>
            		   </locationLevel>
			</locationLevel>
           	</locationLevel>
  	  </locationLevel>
        </location>
      <callNumber>
        <prefix>pre</prefix>
        <number>cn</number>
        <shelvingScheme>
          <codeValue></codeValue>
        </shelvingScheme>
        <shelvingOrder>
          <codeValue>order</codeValue>
        </shelvingOrder>
      </callNumber>
      <primary>true</primary>
    </oleHoldings>
    <sourceHoldings>
    </sourceHoldings>
    <items>
      <item>
        <itemIdentifier></itemIdentifier>
        <purchaseOrderLineItemIdentifier></purchaseOrderLineItemIdentifier>
        <vendorLineItemIdentifier></vendorLineItemIdentifier>
        <accessInformation>
	  <uri>sample URI</uri>
          <barcode>221117885</barcode>
        </accessInformation>
        <barcodeARSL></barcodeARSL>
        <formerIdentifier>
          <identifier>
            <identifierValue></identifierValue>
          </identifier>
        </formerIdentifier>
        <statisticalSearchingCode>
          <codeValue></codeValue>
        </statisticalSearchingCode>
        <itemType>
          <codeValue>BOOK</codeValue>
        </itemType>
        <location>
	   <locationLevel>
            	<name></name>
		<level>Institution</level>
	 	<locationLevel>
		    	<name></name>
			<level>Campus</level>
		 	<locationLevel>
			    <name>IL-ALEXAND</name>
			    <level>Library</level>
			    <locationLevel>
			    	<name></name>
				<level>Collection</level>
				<locationLevel>
				    <name>ILXSTACKS</name>
				    <level>Shelving Location</level>
	          		</locationLevel>
            		   </locationLevel>
			</locationLevel>
           	</locationLevel>
  	  </locationLevel>
        </location>
        <copyNumber></copyNumber>
        <copyNumberLabel></copyNumberLabel>
        <volumeNumber></volumeNumber>
        <volumeNumberLabel></volumeNumberLabel>
        <note></note>
        <enumeration></enumeration>
        <chronology>chro</chronology>
        <temporaryItemType>
          <codeValue>DAY21</codeValue>
        </temporaryItemType>
        <fund></fund>
        <donorPublicDisplay></donorPublicDisplay>
        <donorNote></donorNote>
        <callNumber>
          <prefix>,</prefix>
          <number>,</number>
          <shelvingScheme>
            <codeValue>1,</codeValue>
          </shelvingScheme>
          <shelvingOrder>
            <codeValue>,</codeValue>
          </shelvingOrder>
        </callNumber>
        <price>1</price>
        <numberOfPieces>3</numberOfPieces>
        <itemStatus>AVAILABLE</itemStatus>
        <itemStatusEffectiveDate>,</itemStatusEffectiveDate>
        <checkinNote></checkinNote>
        <staffOnlyFlag>true</staffOnlyFlag>
        <fastAddFlag>true</fastAddFlag>
      </item>
    </items>
  </instance>
</instanceCollection>]]></content>
                </linkedIngestDocument>
            </linkedIngestDocuments>
        </ingestDocument>
    </requestDocuments>
</request>